@inproceedings{liu_lai_lang,
   author = {Weiquan Liu and Baiqi Lai and Cheng Wang and Xuesheng Bian and Wentao Yang and Yan Xia and Xiuhong Lin and Shang-Hong Lai and Dongdong Weng and Jonathan Li},
   doi = {10.1109/VRW50115.2020.00178},
   isbn = {978-1-7281-6532-5},
   journal = {2020 IEEE Conference on Virtual Reality and 3D User Interfaces Abstracts and Workshops (VRW)},
   month = {3},
   pages = {654-655},
   publisher = {IEEE},
   title = {Learning to Match 2D Images and 3D LiDAR Point Clouds for Outdoor Augmented Reality},
   year = {2020},
}

@article{Huang,

   author = {Bo-Chen Huang and Jiun Hsu and Edward T.-H. Chu and Hui-Mei Wu},
   doi = {10.3390/s20205890},
   issn = {1424-8220},
   issue = {20},
   journal = {Sensors},
   month = {10},
   pages = {5890},
   title = {ARBIN: Augmented Reality Based Indoor Navigation System},
   volume = {20},
   year = {2020},
}

@article{Santi,
   author = {Gian Maria Santi and Alessandro Ceruti and Alfredo Liverani and Francesco Osti},
   doi = {10.3390/technologies9020033},
   issn = {2227-7080},
   issue = {2},
   journal = {Technologies},
   month = {4},
   pages = {33},
   title = {Augmented Reality in Industry 4.0 and Future Innovation Programs},
   volume = {9},
   year = {2021},
}

@inproceedings{Sudirman,
   author = {Sud Sudirman and Abdennour El-Rhalibi},
   doi = {10.1109/CIT/IUCC/DASC/PICOM.2015.150},
   isbn = {978-1-5090-0154-5},
   journal = {2015 IEEE International Conference on Computer and Information Technology; Ubiquitous Computing and Communications; Dependable, Autonomic and Secure Computing; Pervasive Intelligence and Computing},
   month = {10},
   pages = {994-999},
   publisher = {IEEE},
   title = {Improving Camera Pose Estimation for Indoor Marker-less Augmented Reality},
   year = {2015},
}

@article{slam2,
   author = {T. Bailey and H. Durrant-Whyte},
   doi = {10.1109/MRA.2006.1678144},
   issn = {1070-9932},
   issue = {3},
   journal = {IEEE Robotics and Automation Magazine},
   month = {9},
   pages = {108-117},
   title = {Simultaneous localization and mapping (SLAM): part II},
   volume = {13},
   year = {2006},
}


@article{bay_surf,
   author = {Herbert Bay and Andreas Ess and Tinne Tuytelaars and Luc Van Gool},
   doi = {https://doi.org/10.1016/j.cviu.2007.09.014},
   issn = {10773142},
   issue = {3},
   journal = {Computer Vision and Image Understanding},
   month = {6},
   pages = {346-359},
   title = {Speeded-Up Robust Features (SURF)},
   volume = {110},
   year = {2008},
}

@inproceedings{lowe_sift,
   author = {David G. Lowe},
   doi = {10.1109/ICCV.1999.790410},
   isbn = {0-7695-0164-8},
   journal = {Proceedings of the Seventh IEEE International Conference on Computer Vision},
   pages = {1150-1157 vol.2},
   publisher = {IEEE},
   title = {Object recognition from local scale-invariant features},
   year = {1999},
}

@book{hartleyzisserman,
   author = {Richard Hartley and Andrew Zisserman},
   doi = {10.1017/CBO9780511811685},
   isbn = {9780521540513},
   month = {3},
   publisher = {Cambridge University Press},
   title = {Multiple View Geometry in Computer Vision},
   volume = {2},
   year = {2004},
}

@book{doerner,
   author = {Ralf' 'DÃ¶rner and Wolfgang' 'Broll and Paul' 'Grimm and Bernhard' 'Jung},
   city = {Berlin, Heidelberg},
   doi = {10.1007/978-3-662-58861-1},
   isbn = {978-3-662-58860-4},
   publisher = {Springer Berlin Heidelberg},
   title = {Virtual und Augmented Reality (VR/AR)},
   volume = {2},
   year = {2019},
}

@article{platinsky,
   author = {Lukas Platinsky and Michal Szabados and Filip Hlasek and Ross Hemsley and Luca Del Pero and Andrej Pancik and Bryan Baum and Hugo Grimmett and Peter Ondruska},
   month = {11},
   title = {Collaborative Augmented Reality on Smartphones via Life-long City-scale Maps},
   url = {http://arxiv.org/abs/2011.05370},
   year = {2020},
}
